
@misc{keras,
	title={Keras},
	author={Chollet, Fran\c{c}ois and others},
	year={2015},
	publisher={GitHub},
	howpublished={\url{https://github.com/fchollet/keras}},
}

@inproceedings{glorot2010,
	title={Understanding the difficulty of training deep feedforward neural networks.},
	author={Glorot, Xavier and Bengio, Yoshua}
}

@article{ILSVRC15,
	Author = {Olga Russakovsky and Jia Deng and Hao Su and Jonathan Krause and Sanjeev Satheesh and Sean Ma and Zhiheng Huang and Andrej Karpathy and Aditya Khosla and Michael Bernstein and Alexander C. Berg and Li Fei-Fei},
	Title = {{ImageNet Large Scale Visual Recognition Challenge}},
	Year = {2015},
	journal   = {International Journal of Computer Vision (IJCV)},
	doi = {10.1007/s11263-015-0816-y},
	volume={115},
	number={3},
	pages={211-252}
}

@misc{Authors14,
 author = {Authors},
 title = {The frobnicatable foo filter},
 note = {Face and Gesture  submission ID 324. Supplied as additional material {\tt fg324.pdf}},
 year = 2014
}

@misc{Authors14b,
 author = {Authors},
 title = {Frobnication tutorial},
 note = {Supplied as additional material {\tt tr.pdf}},
 year = 2014
}

@article{Alpher02,
author = {A. Alpher},
title = {Frobnication},
journal = {Journal of Foo},
volume = 12, 
number = 1, 
pages = {234--778}, 
year = 2002
}

@misc{Pretrained-Models,
	title = {{MS Windows NT} Kernel Description},
	howpublished = {\url{https://github.com/fchollet/deep-learning-models/releases/tag/v0.1}},
	note = {Accessed: Jun-9-2017}
}

@article{VGGNet,
	author    = {Karen Simonyan and
	Andrew Zisserman},
	title     = {Very Deep Convolutional Networks for Large-Scale Image Recognition},
	journal   = {CoRR},
	volume    = {abs/1409.1556},
	year      = {2014},
	url       = {http://arxiv.org/abs/1409.1556},
	timestamp = {Wed, 07 Jun 2017 14:41:51 +0200},
	biburl    = {http://dblp.uni-trier.de/rec/bib/journals/corr/SimonyanZ14a},
	bibsource = {dblp computer science bibliography, http://dblp.org}
}

@article{ResNet,
	author    = {Kaiming He and
	Xiangyu Zhang and
	Shaoqing Ren and
	Jian Sun},
	title     = {Deep Residual Learning for Image Recognition},
	journal   = {CoRR},
	volume    = {abs/1512.03385},
	year      = {2015},
	url       = {http://arxiv.org/abs/1512.03385},
	timestamp = {Wed, 07 Jun 2017 14:41:17 +0200},
	biburl    = {http://dblp.uni-trier.de/rec/bib/journals/corr/HeZRS15},
	bibsource = {dblp computer science bibliography, http://dblp.org}
}

@article{Alpher03,
author = {A. Alpher and  J.~P.~N. Fotheringham-Smythe},
title = {Frobnication revisited},
journal = {Journal of Foo},
volume = 13, 
number = 1, 
pages = {234--778}, 
year = 2003
}

@article{Alpher04,
author = {A. Alpher and J.~P.~N. Fotheringham-Smythe and G. Gamow},
title = {Can a machine frobnicate?},
journal = {Journal of Foo},
volume = 14, 
number = 1, 
pages = {234--778}, 
year = 2004
}
